@inproceedings{rinberg2019fast,
  title={Fast Concurrent Data Sketches},
  author={Rinberg, Arik and Spiegelman, Alexander and Bortnikov, Edward and Hillel, Eshcar and Keidar, Idit and Rhodes, Lee and Serviansky, Hadar},
  booktitle={Proceedings of the 2020 ACM Symposium on Principles and Practice of Parallel Programming},
  year={2020},
  organization={ACM}
}

@inproceedings{alistarh2018distributionally,
  title={Distributionally Linearizable Data Structures},
  author={Alistarh, Dan and Brown, Trevor and Kopinsky, Justin and Li, Jerry Z and Nadiradze, Giorgi},
  booktitle={Proceedings of the 30th on Symposium on Parallelism in Algorithms and Architectures},
  pages={133--142},
  year={2018},
  organization={ACM}
}

@article{cormode2005improved,
  title={An improved data stream summary: the count-min sketch and its applications},
  author={Cormode, Graham and Muthukrishnan, Shan},
  journal={Journal of Algorithms},
  volume={55},
  number={1},
  pages={58--75},
  year={2005},
  publisher={Elsevier}
}

@article{lev2017composing,
  title={Composing ordered sequential consistency},
  author={Lev-Ari, Kfir and Bortnikov, Edward and Keidar, Idit and Shraer, Alexander},
  journal={Information Processing Letters},
  volume={123},
  pages={47--50},
  year={2017},
  publisher={Elsevier}
}

@article{herlihy1990linearizability,
  title={Linearizability: A correctness condition for concurrent objects},
  author={Herlihy, Maurice P and Wing, Jeannette M},
  journal={ACM Transactions on Programming Languages and Systems (TOPLAS)},
  volume={12},
  number={3},
  pages={463--492},
  year={1990},
  publisher={ACM New York, NY, USA}
}

@inproceedings{castaneda2015specifying,
  title={Specifying concurrent problems: beyond linearizability and up to tasks},
  author={Casta{\~n}eda, Armando and Rajsbaum, Sergio and Raynal, Michel},
  booktitle={International Symposium on Distributed Computing},
  pages={420--435},
  year={2015},
  organization={Springer}
}

@article{berenson1995critique,
  title={A critique of ANSI SQL isolation levels},
  author={Berenson, Hal and Bernstein, Phil and Gray, Jim and Melton, Jim and O'Neil, Elizabeth and O'Neil, Patrick},
  journal={ACM SIGMOD Record},
  volume={24},
  number={2},
  pages={1--10},
  year={1995},
  publisher={ACM New York, NY, USA}
}

@inproceedings{henzinger2013quantitative,
  title={Quantitative relaxation of concurrent data structures},
  author={Henzinger, Thomas A and Kirsch, Christoph M and Payer, Hannes and Sezgin, Ali and Sokolova, Ana},
  booktitle={Proceedings of the 40th annual ACM SIGPLAN-SIGACT symposium on Principles of programming languages},
  pages={317--328},
  year={2013}
}

@inproceedings{hunt2010zookeeper,
  title={ZooKeeper: Wait-free Coordination for Internet-scale Systems.},
  author={Hunt, Patrick and Konar, Mahadev and Junqueira, Flavio Paiva and Reed, Benjamin},
  booktitle={USENIX annual technical conference},
  volume={8},
  number={9},
  year={2010}
}

@article{morris1978counting,
  title={Counting large numbers of events in small registers},
  author={Morris, Robert},
  journal={Communications of the ACM},
  volume={21},
  number={10},
  pages={840--842},
  year={1978},
  publisher={ACM New York, NY, USA}
}



@article{flajolet1985approximate,
  title={Approximate counting: a detailed analysis},
  author={Flajolet, Philippe},
  journal={BIT Numerical Mathematics},
  volume={25},
  number={1},
  pages={113--134},
  year={1985},
  publisher={Springer}
}

@inproceedings{cichon2011approximate,
  title={Approximate counters for flash memory},
  author={Cichon, Jacek and Macyna, Wojciech},
  booktitle={2011 IEEE 17th International Conference on Embedded and Real-Time Computing Systems and Applications},
  volume={1},
  pages={185--189},
  year={2011},
  organization={IEEE}
}

@inproceedings{liu2016one,
  title={One sketch to rule them all: Rethinking network flow monitoring with univmon},
  author={Liu, Zaoxing and Manousis, Antonis and Vorsanger, Gregory and Sekar, Vyas and Braverman, Vladimir},
  booktitle={Proceedings of the 2016 ACM SIGCOMM Conference},
  pages={101--114},
  year={2016}
}

@article{cormode2017data,
  title={Data sketching},
  author={Cormode, Graham},
  journal={Communications of the ACM},
  volume={60},
  number={9},
  pages={48--55},
  year={2017},
  publisher={ACM New York, NY, USA}
}

@article{castaneda2018unifying,
  title={Unifying concurrent objects and distributed tasks: Interval-linearizability},
  author={Casta{\~n}eda, Armando and Rajsbaum, Sergio and Raynal, Michel},
  journal={Journal of the ACM (JACM)},
  volume={65},
  number={6},
  pages={1--42},
  year={2018},
  publisher={ACM New York, NY, USA}
}

@inproceedings{bar2002counting,
  title={Counting distinct elements in a data stream},
  author={Bar-Yossef, Ziv and Jayram, TS and Kumar, Ravi and Sivakumar, D and Trevisan, Luca},
  booktitle={International Workshop on Randomization and Approximation Techniques in Computer Science},
  pages={1--10},
  year={2002},
  organization={Springer}
}

@inproceedings{golab2011linearizable,
  title={Linearizable implementations do not suffice for randomized distributed computation},
  author={Golab, Wojciech and Higham, Lisa and Woelfel, Philipp},
  booktitle={Proceedings of the forty-third annual ACM symposium on Theory of computing},
  pages={373--382},
  year={2011}
}

@article{lamport1979make,
  title={How to make a multiprocessor computer that correctly executes multiprocess progranm},
  author={Lamport, Leslie},
  journal={IEEE transactions on computers},
  number={9},
  pages={690--691},
  year={1979},
  publisher={IEEE}
}

@inproceedings{goubault2018brief,
  title={Brief Announcement: On the impossibility of detecting concurrency},
  author={Goubault, {\'E}ric and Ledent, J{\'e}r{\'e}my and Mimram, Samuel},
  booktitle={32nd International Symposium on Distributed Computing (DISC 2018)},
  year={2018},
  organization={Schloss Dagstuhl-Leibniz-Zentrum fuer Informatik}
}

@article{misra1986axioms,
  title={Axioms for memory access in asynchronous hardware systems},
  author={Misra, Jayadev},
  journal={ACM Transactions on Programming Languages and Systems (TOPLAS)},
  volume={8},
  number={1},
  pages={142--153},
  year={1986},
  publisher={ACM New York, NY, USA}
}

@inproceedings{raynal1997serializable,
  title={From serializable to causal transactions for collaborative applications},
  author={Raynal, Michel and Thia-Kime, G{\'e}rard and Ahamad, Mustaque},
  booktitle={EUROMICRO 97. Proceedings of the 23rd EUROMICRO Conference: New Frontiers of Information Technology (Cat. No. 97TB100167)},
  pages={314--321},
  year={1997},
  organization={IEEE}
}

@article{papadimitriou1979serializability,
  title={The serializability of concurrent database updates},
  author={Papadimitriou, Christos H},
  journal={Journal of the ACM (JACM)},
  volume={26},
  number={4},
  pages={631--653},
  year={1979},
  publisher={ACM New York, NY, USA}
}

@article{fischer1985impossibility,
  title={Impossibility of distributed consensus with one faulty process},
  author={Fischer, Michael J and Lynch, Nancy A and Paterson, Michael S},
  journal={Journal of the ACM (JACM)},
  volume={32},
  number={2},
  pages={374--382},
  year={1985},
  publisher={ACM New York, NY, USA}
}

@inproceedings{durand2003loglog,
  title={Loglog counting of large cardinalities},
  author={Durand, Marianne and Flajolet, Philippe},
  booktitle={European Symposium on Algorithms},
  pages={605--617},
  year={2003},
  organization={Springer}
}

@article{cohen2015all,
  title={All-distances sketches, revisited: HIP estimators for massive graphs analysis},
  author={Cohen, Edith},
  journal={IEEE Transactions on Knowledge and Data Engineering},
  volume={27},
  number={9},
  pages={2320--2334},
  year={2015},
  publisher={IEEE}
}

@article{agarwal2013mergeable,
  title={Mergeable summaries},
  author={Agarwal, Pankaj K and Cormode, Graham and Huang, Zengfeng and Phillips, Jeff M and Wei, Zhewei and Yi, Ke},
  journal={ACM Transactions on Database Systems (TODS)},
  volume={38},
  number={4},
  pages={1--28},
  year={2013},
  publisher={ACM New York, NY, USA}
}

@inproceedings{alistarh2015spraylist,
  title={The spraylist: A scalable relaxed priority queue},
  author={Alistarh, Dan and Kopinsky, Justin and Li, Jerry and Shavit, Nir},
  booktitle={Proceedings of the 20th ACM SIGPLAN Symposium on Principles and Practice of Parallel Programming},
  pages={11--20},
  year={2015}
}

@inproceedings{hoepman1993binary,
  title={Binary snapshots},
  author={Hoepman, Jaap-Henk and Tromp, John},
  booktitle={International Workshop on Distributed Algorithms},
  pages={18--25},
  year={1993},
  organization={Springer}
}

@article{israeli1998time,
  title={The time complexity of updating snapshot memories},
  author={Israeli, Amos and Shirazi, Asaf},
  journal={Information Processing Letters},
  volume={65},
  number={1},
  pages={33--40},
  year={1998},
  publisher={Elsevier}
}

@inproceedings{moran1992concurrent,
  title={Concurrent counting},
  author={Moran, Shlomo and Taubenfeld, Gadi and Yadin, Irit},
  booktitle={Proceedings of the eleventh annual ACM symposium on Principles of distributed computing},
  pages={59--70},
  year={1992}
}

@article{herlihy1995scalable,
  title={Scalable concurrent counting},
  author={Herlihy, Maurice and Lim, Beng-Hong and Shavit, Nir},
  journal={ACM Transactions on Computer Systems (TOCS)},
  volume={13},
  number={4},
  pages={343--364},
  year={1995},
  publisher={ACM New York, NY, USA}
}

@inproceedings{dean2012large,
  title={Large scale distributed deep networks},
  author={Dean, Jeffrey and Corrado, Greg and Monga, Rajat and Chen, Kai and Devin, Matthieu and Mao, Mark and Ranzato, Marc'aurelio and Senior, Andrew and Tucker, Paul and Yang, Ke and others},
  booktitle={Advances in neural information processing systems},
  pages={1223--1231},
  year={2012}
}

@inproceedings{neiger1994set,
  title={Set-linearizability},
  author={Neiger, Gil},
  booktitle={Proceedings of the thirteenth annual ACM symposium on Principles of distributed computing},
  pages={396},
  year={1994}
}

@article{anderson1993composite,
  title={Composite registers},
  author={Anderson, James H},
  journal={Distributed Computing},
  volume={6},
  number={3},
  pages={141--154},
  year={1993},
  publisher={Springer}
}

@article{mahapatra1999processor,
  title={The processor-memory bottleneck: problems and solutions},
  author={Mahapatra, Nihar R and Venkatrao, Balakrishna},
  journal={XRDS: Crossroads, The ACM Magazine for Students},
  volume={5},
  number={3es},
  pages={2},
  year={1999},
  publisher={ACM}
}

@inproceedings{attiya2006complexity,
  title={The complexity of updating multi-writer snapshot objects},
  author={Attiya, Hagit and Ellen, Faith and Fatourou, Panagiota},
  booktitle={International Conference on Distributed Computing and Networking},
  pages={319--330},
  year={2006},
  organization={Springer}
}

@inproceedings{ovens2019strongly,
  title={Strongly linearizable implementations of snapshots and other types},
  author={Ovens, Sean and Woelfel, Philipp},
  booktitle={Proceedings of the 2019 ACM Symposium on Principles of Distributed Computing},
  pages={197--206},
  year={2019}
}

@book{muthukrishnan2005data,
  title={Data streams: Algorithms and applications},
  author={Muthukrishnan, Shanmugavelayutham},
  year={2005},
  publisher={Now Publishers Inc}
}

@misc{major2014system,
  title={System and method for data streaming in a computer network},
  author={Major, Robert D and Oran, David R and Narayanan, Ashok and Le Faucheur, Francois L},
  year={2014},
  month=mar # "~25",
  publisher={Google Patents},
  note={US Patent 8,683,013}
}

@inproceedings{babcock2002models,
  title={Models and issues in data stream systems},
  author={Babcock, Brian and Babu, Shivnath and Datar, Mayur and Motwani, Rajeev and Widom, Jennifer},
  booktitle={Proceedings of the twenty-first ACM SIGMOD-SIGACT-SIGART symposium on Principles of database systems},
  pages={1--16},
  year={2002}
}

@inproceedings{datar2002comparing,
  title={Comparing Data Streams Using Hamming Norms},
  author={Datar, Mayur and Indyk, Piotr},
  booktitle={Proceedings 2002 VLDB Conference: 28th International Conference on Very Large Databases (VLDB)},
  pages={335},
  year={2002},
  organization={Elsevier}
}

@inproceedings{flajolet1983probabilistic,
  title={Probabilistic counting},
  author={Flajolet, Philippe and Martin, G Nigel},
  booktitle={24th Annual Symposium on Foundations of Computer Science (sfcs 1983)},
  pages={76--82},
  year={1983},
  organization={IEEE}
}

@inproceedings{gibbons2001estimating,
  title={Estimating simple functions on the union of data streams},
  author={Gibbons, Phillip B and Tirthapura, Srikanta},
  booktitle={Proceedings of the thirteenth annual ACM symposium on Parallel algorithms and architectures},
  pages={281--291},
  year={2001}
}

@inproceedings{sheffi2020scalable,
  title={Scalable top-k retrieval with Sparta},
  author={Sheffi, Gali and Basin, Dmitry and Bortnikov, Edward and Carmel, David and Keidar, Idit},
  booktitle={Proceedings of the 25th ACM SIGPLAN Symposium on Principles and Practice of Parallel Programming},
  pages={62--73},
  year={2020}
}

@inproceedings{metwally2005efficient,
  title={Efficient computation of frequent and top-k elements in data streams},
  author={Metwally, Ahmed and Agrawal, Divyakant and El Abbadi, Amr},
  booktitle={International Conference on Database Theory},
  pages={398--412},
  year={2005},
  organization={Springer}
}

@article{gibbons1999synopsis,
  title={Synopsis data structures for massive data sets},
  author={Gibbons, Phillip B and Matias, Yossi},
  journal={External memory algorithms},
  volume={50},
  pages={39--70},
  year={1999}
}

@inproceedings{stylianopoulos2020delegation,
  title={Delegation sketch: a parallel design with support for fast and accurate concurrent operations},
  author={Stylianopoulos, Charalampos and Walulya, Ivan and Almgren, Magnus and Landsiedel, Olaf and Papatriantafilou, Marina},
  booktitle={Proceedings of the Fifteenth European Conference on Computer Systems},
  pages={1--16},
  year={2020}
}

@article{lamport1986interprocess,
  title={On interprocess communication},
  author={Lamport, Leslie},
  journal={Distributed computing},
  volume={1},
  number={2},
  pages={86--101},
  year={1986},
  publisher={Springer}
}

@incollection{lamport2019mutual,
  title={The mutual exclusion problem: Part I---A theory of interprocess communication},
  author={Lamport, Leslie},
  booktitle={Concurrency: the Works of Leslie Lamport},
  pages={227--245},
  year={2019}
}

@article{cormode2012synopses,
  title={Synopses for massive data: Samples, histograms, wavelets, sketches},
  author={Cormode, Graham and Garofalakis, Minos and Haas, Peter J and Jermaine, Chris},
  journal={Foundations and Trends in Databases},
  volume={4},
  number={1--3},
  pages={1--294},
  year={2012},
  publisher={Now Publishers Inc.}
}

@misc{apache-datasketches,
  author={Druid}, 
  title = {{Apache DataSketches}},
  howpublished = {\url{https://datasketches.apache.org/}},
  year = "Accessed May 14, 2020"
}


@misc{presto,
  author={Presto}, 
  title = {{HyperLogLog in Presto: A significantly faster way to handle cardinality estimation}},
  howpublished = {\url{https://engineering.fb.com/data-infrastructure/hyperloglog/}},
  year = "Accessed May 14, 2020"
}

@inproceedings{gonzalez2012powergraph,
  title={$\{$PowerGraph$\}$: Distributed $\{$Graph-Parallel$\}$ Computation on Natural Graphs},
  author={Gonzalez, Joseph E and Low, Yucheng and Gu, Haijie and Bickson, Danny and Guestrin, Carlos},
  booktitle={10th USENIX symposium on operating systems design and implementation (OSDI 12)},
  pages={17--30},
  year={2012}
}

@misc{atomic-inc,
  author={Intel}, 
  title = {{x86 Instruction Set Reference}},
  howpublished = {\url{https://c9x.me/x86/html/file_module_x86_id_327.html}},
  year = "Accessed March 03, 2022"
}

@article{aksenov2020scalable,
  title={Scalable belief propagation via relaxed scheduling},
  author={Aksenov, Vitalii and Alistarh, Dan and Korhonen, Janne H},
  journal={Advances in Neural Information Processing Systems},
  volume={33},
  pages={22361--22372},
  year={2020}
}

@article{budiu2019hillview,
  title={Hillview: A trillion-cell spreadsheet for big data},
  author={Budiu, Mihai and Gopalan, Parikshit and Suresh, Lalith and Wieder, Udi and Kruiger, Han and Aguilera, Marcos K},
  journal={Proceedings of the VLDB Endowment},
  volume={12},
  number={11},
  pages={1442--1457},
  year={2019},
  publisher={VLDB Endowment}
}

@misc{hillview,
  author={Hillview}, 
  title = {{Hillview: A Big Data Spreadsheet}},
  howpublished = {\url{https://research.vmware.com/projects/hillview}},
  year = "Accessed May 14, 2020"
}

@misc{druid,
  author={Druid}, 
  title = {{Druid}},
  howpublished = {\url{https://druid.apache.org/blog/2014/02/18/hyperloglog-optimizations-for-real-world-systems.html}},
  year = "Accessed May 14, 2020"
}

@inproceedings{heule2013hyperloglog,
  title={HyperLogLog in practice: algorithmic engineering of a state of the art cardinality estimation algorithm},
  author={Heule, Stefan and Nunkesser, Marc and Hall, Alexander},
  booktitle={Proceedings of the 16th International Conference on Extending Database Technology},
  pages={683--692},
  year={2013}
}

@article{cormode2011algorithms,
  title={Algorithms for distributed functional monitoring},
  author={Cormode, Graham and Muthukrishnan, Shanmugavelayutham and Yi, Ke},
  journal={ACM Transactions on Algorithms (TALG)},
  volume={7},
  number={2},
  pages={1--20},
  year={2011},
  publisher={ACM New York, NY, USA}
}

@article{lamport1990concurrent,
  title={Concurrent reading and writing of clocks},
  author={Lamport, Leslie},
  journal={ACM Transactions on Computer Systems (TOCS)},
  volume={8},
  number={4},
  pages={305--310},
  year={1990},
  publisher={ACM New York, NY, USA}
}

@article{rinberg2020intermediate,
  title={Intermediate Value Linearizability: A Quantitative Correctness Criterion},
  author={Rinberg, Arik and Keidar, Idit},
  journal={arXiv preprint arXiv:2006.12889},
  year={2020}
}

@article{arbel2018harnessing,
  title={Harnessing epoch-based reclamation for efficient range queries},
  author={Arbel-Raviv, Maya and Brown, Trevor},
  journal={ACM SIGPLAN Notices},
  volume={53},
  number={1},
  pages={14--27},
  year={2018},
  publisher={ACM New York, NY, USA}
}

@inproceedings{meir2020oak,
  title={Oak: a scalable off-heap allocated key-value map},
  author={Meir, Hagar and Basin, Dmitry and Bortnikov, Edward and Braginsky, Anastasia and Gottesman, Yonatan and Keidar, Idit and Meir, Eran and Sheffi, Gali and Zuriel, Yoav},
  booktitle={Proceedings of the 25th ACM SIGPLAN Symposium on Principles and Practice of Parallel Programming},
  pages={17--31},
  year={2020}
}

@inproceedings{scheurich1987correct,
  title={Correct memory operation of cache-based multiprocessors},
  author={Scheurich, Christoph and Dubois, Michel},
  booktitle={Proceedings of the 14th Annual International Symposium on Computer Architecture},
  pages={234--243},
  year={1987}
}

@article{van1976design,
  title={Design and implementation of an efficient priority queue},
  author={van Emde Boas, Peter and Kaas, Robert and Zijlstra, Erik},
  journal={Mathematical systems theory},
  volume={10},
  number={1},
  pages={99--127},
  year={1976},
  publisher={Springer}
}

@article{ronngren1997comparative,
  title={A comparative study of parallel and sequential priority queue algorithms},
  author={R{\"o}nngren, Robert and Ayani, Rassul},
  journal={ACM Transactions on Modeling and Computer Simulation (TOMACS)},
  volume={7},
  number={2},
  pages={157--209},
  year={1997},
  publisher={ACM New York, NY, USA}
}