@book{Knuth1981,
  author      = {Donald E. Knuth},
  title       = {The Art of Computer Programming, Volume II: Seminumerical
                 Algorithms, 2nd Edition},
  publisher   = {Addison-Wesley},
  year        = {1981},
  isbn        = {0-201-03822-6},
}

@book{Knuth1973,
  author      = {Donald E. Knuth},
  title       = {The Art of Computer Programming, Volume I: Fundamental Algorithms,
                 2nd Edition.},
  publisher   = {Addison-Wesley},
  year        = {1973},
  bibsource   = {DBLP, http://dblp.uni-trier.de}
}

@book{Papadimitriou1994,
  title       = {Computational Complexity},
  booktitle   = {Computational Complexity},
  author      = {Christos M. Papadimitriou},
  ISBN        = {0201530821},
  publisher   = {Addison-Wesley},
  address     = {Reading, Massachusetts},
  year        = {1994},
}

@book{AHU1982,
  author      = {Alfred V. Aho and
                 John E. Hopcroft and
                 Jeffrey D. Ullman},
  title       = {Data Structures and Algorithms},
  year        = {1982},
  publisher   = {Addison-Wesley},
  series      = {Addison-Wesley Series in Computer Science and Information Processing},
 }

@book{AHU1974,
  author      = {Alfred V. Aho and
                 John E. Hopcroft and
                 Jeffrey D. Ullman},
  title       = {The Design and Analysis of Computer Algorithms},
  year        = {1974},
  publisher   = {Addison-Wesley},
  series      = {Addison-Wesley Series in Computer Science and Information Processing},
 }

@book{CLR,
  author      = {Thomas H. Cormen and
                 Clifford Stein and
                 Ronald L. Rivest and
                 Charles E. Leiserson},
  title       = {Introduction to Algorithms},
  year        = {2001},
  isbn        = {0070131511},
  publisher   = {McGraw-Hill Higher Education},
}

@book{HU,
  author      = {John E. Hopcroft and
                 Jeffrey D. Ullman},
  year        = {1979},
  title       = {Introduction to Automata Theory, Languages, and Computation},
  publisher   = {Addison-Wesley},
  address     = {Reading, Massachusetts}
}

@Book{ASE,
  author      = {Noga Alon and Joel H. Spencer and Paul Erd{\H{o}}s},
  title       = {The Probabilistic Method},
  publisher   = {John Wiley and Sons, Inc.},
  year        = {1992},
  series      = {Wiley-Interscience Series in Discrete Mathematics and Optimization},
}

@article{Gowers2007,
  author      = {William Timothy Gowers},
  title       = {Hypergraph regularity and the multidimensional Szemer\'{e}di theorem},
  journal     = {Annals of Mathematics},
  volume      = {166},
  number      = {3},
  year        = {2007},
  pages       = {897--946},
  doi         = {http://dx.doi.org/10.4007/annals.2007.166.897 },
  publisher   = {Princeton University & Institute of Advanced Studies},
  address     = {Princeton, NJ, USA}
}

@article{Gowers2006,
  author      = {William Timothy Gowers},
  title       = {Quasirandomness, Counting and Regularity for 3-Uniform Hypergraphs},
  journal     = {Combinatorics, Probability and Computing},
  volume      = {15},
  issue       = {1-2},
  month       = {January},
  year        = {2006},
  issn        = {0963-5483},
  pages       = {143--184},
  numpages    = {42},
  doi         = {10.1017/S0963548305007236},
  publisher   = {Cambridge University Press},
  address     = {New York, NY, USA},
}

@article{Pikhurko2010,
  author      = {Oleg Pikhorko},
  title       = {An analytic approach to stability},
  journal     = {Discrete Mathematics},
  volume      = {310},
  number      = {21},
  pages       = {2951 - 2964},
  year        = {2010},
}

@article{NN,
  author      = {Joseph (Seffi) Naor and
                 Moni Naor},
  title       = {Small-bias probability spaces: efficient constructions and applications},
  journal     = {SIAM Journal on Computing},
  volume      = {22},
  issue       = {4},
  month       = {August},
  year        = {1993},
  pages       = {838--856},
  publisher   = {Society for Industrial and Applied Mathematics},
  address     = {Philadelphia, PA, USA},
  note        = {An earlier version appeared in the proceedings of the 22\xnd STOC, 1990},
}

@article {AGHP,
  author      = {Noga Alon and
                 Oded Goldreich and
                 Johan H{\aa}stad and
                 Ren\'{e} Peralta},
  title       = {Simple Constructions of Almost k-wise Independent Random Variables},
  journal     = {Random Structures \& Algorithms},
  volume      = {3},
  number      = {3},
  publisher   = {Wiley Subscription Services, Inc., A Wiley Company},
  pages       = {289--304},
  year        = {1992},
}

@book{Papadimitriou,
  author      = {Christos H. Papadimitriou},
  address     = {Massachussetts},
  publisher   = {Addison Wesley Publishing Company},
  title       = {Computational Complexity},
  year        = {1994}
}

@incollection{Shaltiel,
  author      = {Ronen Shaltiel},
  title       = {Recent Developments in Explicit Constructions of Extractors},
  booktitle   = {Current Trends in Theoretical Computer Science: The Challenge of the New Century},
  editor      = {G. Paun and G. Rozenberg and A. Salomaa},
  publisher   = {World Scientific Publishing},
  year        = {2004},
  volume      = {1},
  pages       = {229--264},
}

@inproceedings{Yao1977,
  author      = {Andrew Chi-Chih Yao},
  title       = {Probabilistic Computations: Toward a Unified Measure of
                 Complexity (Extended Abstract)},
  booktitle   = {18th FOCS},
  year        = {1977},
  pages       = {222-227},
}

@article{Behrend,
  author      = {Felix A. Behrend},
  title       = {On sets of integers which contain no three terms in arithmetical progression},
  journal     = {Proceedings of the National Academy of Sciences of the USA},
  volume      = {32},
  year        = {1946},
  pages       = {331--332},
}

@article{ABI,
  author      = {Noga Alon and
                 Laszlo Babai and
                 Alon Itai},
  title       = {A fast and simple randomized parallel algorithm for the maximal independent set problem},
  journal     = {Journal of Algorithms},
  volume      = {7},
  number      = {4},
  pages       = {567--583},
  year        = {1986},
  issn        = {0196-6774},
  url         = {http://www.sciencedirect.com/science/article/pii/0196677486900192},
}

@misc{Ishigami,
  author      = {Yoshiyasu Ishigami},
  title       = {A Simple Regularization of Hypergraphs},
  year        = {2009},
  note        = {available from the following URL:\\ \url{http://arxiv.org/abs/math/0612838}},
}

@article {NRS,
  author      = {Brendan Nagle and
                 Vojt\v{e}ch R\"{o}dl and
                 Mathias Schacht},
  title       = {The counting lemma for regular k-uniform hypergraphs},
  journal     = {Random Structures \& Algorithms},
  volume      = {28},
  number      = {2},
  publisher   = {Wiley Subscription Services, Inc., A Wiley Company},
  pages       = {113--179},
  year        = {2006},
}


@article{Hoeffding,
  author      = {Wassily Hoeffding},
  title       = {Probability inequalities for sums of bounded random variables},
  journal     = {Journal of the American Statistical Association},
  volume      = {58},
  pages       = {13--30},
  year        = {1963},
}


@misc{lee-issue,
	Date-Added = {2019-02-19 13:23:35 +0200},
	Date-Modified = {2019-02-19 13:26:33 +0200},
	Howpublished = {\url{https://github.com/DataSketches/sketches-core/issues/178\#issuecomment-365673204}},
	Title = {{ArrayIndexOutOfBoundsException} during serialization},
	Year= {2019}}

@misc{lee-theta,
	Date-Added = {2015-09-01 13:23:35 +0200},
	Date-Modified = {2021-06-03 13:26:33 +0200},
	Howpublished = {\url{https://github.com/apache/datasketches-website/blob/master/docs/pdf/ThetaSketchEquations.pdf}},
	Title = {Theta Sketch Equations},
	Year= {2015}}

https://github.com/apache/datasketches-website/blob/master/docs/pdf/ThetaSketchEquations.pdf

@misc{lee-groups-post,
	Date-Added = {2019-02-05 13:23:35 +0200},
	Date-Modified = {2019-02-05 13:26:33 +0200},
	Howpublished = {\url{https://groups.google.com/d/msg/sketches-user/S1PEAneLmhk/dI8RbN6iBAAJ}.},
	Year= {2019},
	Title = {{SketchesArgumentException}: Key not found and no empty slot in table }}

@inproceedings{Henzinger,
	Author = {Henzinger, Thomas A and Kirsch, Christoph M and Payer, Hannes and Sezgin, Ali and Sokolova, Ana},
	Booktitle = {ACM SIGPLAN Notices},
	Number = {1},
	Organization = {ACM},
	Pages = {317--328},
	Title = {Quantitative relaxation of concurrent data structures},
	Volume = {48},
	Year = {2013}}

@inproceedings{Wojciech,
	Author = {Golab, Wojciech and Higham, Lisa and Woelfel, Philipp},
	Booktitle = {Proceedings of the forty-third annual ACM symposium on Theory of computing},
	Organization = {ACM},
	Pages = {373--382},
	Title = {Linearizable implementations do not suffice for randomized distributed computation},
	Year = {2011}}

@article{shute2013f1,
	Author = {Shute, Jeff and Vingralek, Radek and Samwel, Bart and Handy, Ben and Whipkey, Chad and Rollins, Eric and Oancea, Mircea and Littlefield, Kyle and Menestrina, David and Ellner, Stephan and others},
	Journal = {Proceedings of the VLDB Endowment},
	Number = {11},
	Pages = {1068--1079},
	Publisher = {VLDB Endowment},
	Title = {F1: A distributed sql database that scales},
	Volume = {6},
	Year = {2013}}

@article{Cormode:2017,
	Acmid = {3104030},
	Address = {New York, NY, USA},
	Articleno = {60},
	Author = {Cormode, Graham},
	Doi = {10.1145/3084693.3104030},
	Issn = {1542-7730},
	Issue_Date = {March-April 2017},
	Journal = {Queue},
	Month = apr,
	Number = {2},
	Numpages = {19},
	Pages = {60:49--60:67},
	Publisher = {ACM},
	Title = {Data Sketching},
	Url = {http://doi.acm.org/10.1145/3084693.3104030},
	Volume = {15},
	Year = {2017},
	Bdsk-Url-1 = {http://doi.acm.org/10.1145/3084693.3104030},
	Bdsk-Url-2 = {https://doi.org/10.1145/3084693.3104030}}

@inproceedings{Flajolet07hyperloglog,
    author = {Philippe Flajolet and Ã‰ric Fusy and Olivier Gandouet and et al.},
    title = {Hyperloglog: The analysis of a near-optimal cardinality estimation algorithm},
    booktitle = {International Conference on Analysis of Algorithms},
    year = {2007},
    publisher = {}
}


@inproceedings{Tai:2018,
	Acmid = {3196930},
	Address = {New York, NY, USA},
	Author = {Tai, Kai Sheng and Sharan, Vatsal and Bailis, Peter and Valiant, Gregory},
	Booktitle = {Proceedings of the 2018 International Conference on Management of Data},
	Doi = {10.1145/3183713.3196930},
	Isbn = {978-1-4503-4703-7},
	Keywords = {linear classification, online learning, sketching},
	Location = {Houston, TX, USA},
	Numpages = {16},
	Pages = {757--772},
	Publisher = {ACM},
	Series = {SIGMOD '18},
	Title = {Sketching Linear Classifiers over Data Streams},
	Url = {http://doi.acm.org/10.1145/3183713.3196930},
	Year = {2018},
	Bdsk-Url-1 = {http://doi.acm.org/10.1145/3183713.3196930},
	Bdsk-Url-2 = {https://doi.org/10.1145/3183713.3196930}}

@inproceedings{Cohen:2014,
	Acmid = {2594546},
	Address = {New York, NY, USA},
	Author = {Cohen, Edith},
	Booktitle = {Proceedings of the 33rd ACM SIGMOD-SIGACT-SIGART Symposium on Principles of Database Systems},
	Doi = {10.1145/2594538.2594546},
	Isbn = {978-1-4503-2375-8},
	Keywords = {all-distances sketch, approximate distinct counters, closeness centrality, estimation, min-hash sketch},
	Location = {Snowbird, Utah, USA},
	Numpages = {12},
	Pages = {88--99},
	Publisher = {ACM},
	Series = {PODS '14},
	Title = {All-distances Sketches, Revisited: HIP Estimators for Massive Graphs Analysis},
	Url = {http://doi.acm.org/10.1145/2594538.2594546},
	Year = {2014},
	Bdsk-Url-1 = {http://doi.acm.org/10.1145/2594538.2594546},
	Bdsk-Url-2 = {https://doi.org/10.1145/2594538.2594546}}

@inproceedings{afek2010quasi,
  title={Quasi-linearizability: Relaxed consistency for improved concurrency},
  author={Afek, Yehuda and Korland, Guy and Yanovsky, Eitan},
  booktitle={International Conference on Principles of Distributed Systems},
  pages={395--410},
  year={2010},
  organization={Springer}
}

@article{herlihy1990linearizability,
	Acmid = {78972},
	Address = {New York, NY, USA},
	Author = {Herlihy, Maurice P. and Wing, Jeannette M.},
	Doi = {10.1145/78969.78972},
	Issn = {0164-0925},
	Issue_Date = {July 1990},
	Journal = {ACM Trans. Program. Lang. Syst.},
	Month = jul,
	Number = {3},
	Numpages = {30},
	Pages = {463--492},
	Publisher = {ACM},
	Title = {Linearizability: A Correctness Condition for Concurrent Objects},
	Url = {http://doi.acm.org/10.1145/78969.78972},
	Volume = {12},
	Year = {1990},
	Bdsk-Url-1 = {http://doi.acm.org/10.1145/78969.78972},
	Bdsk-Url-2 = {https://doi.org/10.1145/78969.78972}}

@article{alistarh,
	Acmid = {2688523},
	Address = {New York, NY, USA},
	Author = {Alistarh, Dan and Kopinsky, Justin and Li, Jerry and Shavit, Nir},
	Doi = {10.1145/2858788.2688523},
	Issn = {0362-1340},
	Issue_Date = {August 2015},
	Journal = {SIGPLAN Not.},
	Keywords = {Concurrent data structures, parallel algorithms},
	Month = jan,
	Number = {8},
	Numpages = {10},
	Pages = {11--20},
	Publisher = {ACM},
	Title = {The SprayList: A Scalable Relaxed Priority Queue},
	Url = {http://doi.acm.org/10.1145/2858788.2688523},
	Volume = {50},
	Year = {2015},
	Bdsk-Url-1 = {http://doi.acm.org/10.1145/2858788.2688523},
	Bdsk-Url-2 = {https://doi.org/10.1145/2858788.2688523}}

@inproceedings{Dasgupta:2016,
  author    = {Anirban Dasgupta and
               Kevin J. Lang and
               Lee Rhodes and
               Justin Thaler},
  title     = {A Framework for Estimating Stream Expression Cardinalities},
  booktitle = {19th International Conference on Database Theory, {ICDT} 2016, Bordeaux,
               France, March 15-18, 2016},
  pages     = {6:1--6:17},
  year      = {2016},
}

@inproceedings{KLL:2016, 
author={Z. Karnin and K. Lang and E. Liberty}, 
booktitle={2016 IEEE 57th Annual Symposium on Foundations of Computer Science (FOCS)}, 
title={Optimal Quantile Approximation in Streams}, 
year={2016}, 
volume={}, 
number={}, 
pages={71-78}, 
ISSN={0272-5428}, 
month={10}}

@misc{DruidHLL,
  author={Druid}, 
  title = {{How We Scaled HyperLogLog: Three Real-World Optimizations}},
  howpublished = {\url{http://druid.io/blog/2014/02/18/hyperloglog-optimizations-for-real-world-systems.html}}
}

@misc{PrestoHLL,
   title = {{HyperLogLog in Presto: A significantly faster way to handle cardinality estimation}},
   howpublished = {\url{https://code.fb.com/data-infrastructure/hyperloglog/}},
   year = 2018
 }
 
@article{CppConcurrentMemoryModel,
	Acmid = {1375591},
	Address = {New York, NY, USA},
	Author = {Boehm, Hans-J. and Adve, Sarita V.},
	Doi = {10.1145/1379022.1375591},
	Issn = {0362-1340},
	Issue_Date = {June 2008},
	Journal = {SIGPLAN Not.},
	Keywords = {c++, data race, memory consistency, memory model, sequential consistency, trylock},
	Month = jun,
	Number = {6},
	Numpages = {11},
	Pages = {68--78},
	Publisher = {ACM},
	Title = {Foundations of the C++ Concurrency Memory Model},
	Url = {http://doi.acm.org/10.1145/1379022.1375591},
	Volume = {43},
	Year = {2008},
	Bdsk-Url-1 = {http://doi.acm.org/10.1145/1379022.1375591},
	Bdsk-Url-2 = {https://doi.org/10.1145/1379022.1375591}}

@misc{JavaMemoryModel,
	Howpublished = {\url{https://docs.oracle.com/javase/specs/jls/se7/html/jls-17.html}},
	Year = {2011},
	Title = {{Java Language Specification: Chapter 17 - Threads and Locks}}}


@book{lynch1996distributed,
	Author = {Lynch, Nancy A},
	Publisher = {Elsevier},
	Title = {Distributed algorithms},
	Year = {1996}}

@misc{Hive,
	Howpublished = {\url{https://hive.apache.org/}},
	Title = {{Apache Hive data warehouse.}}}

@misc{DataSketches,
	Howpublished = {\url{https://datasketches.apache.org/}},
	Year = {2019},
	Title = {{Apache DataSketches}}}

@misc{YahooSketches,
	Howpublished = {\url{https://yahooeng.tumblr.com/post/135390948446/data-sketches}},
	Title = {{Fast, Approximate Analysis of Big Data}}}


@misc{ConcurrentThetaImp,
	Howpublished = {\url{https://datasketches.apache.org/docs/Theta/ConcurrentThetaSketch.html}},
	Year = {2019},
	Title = {{DataSketches: Concurrent Theta Sketch Implementation}}}

@misc{hillview,
	Howpublished = {\url{https://research.vmware.com/projects/hillview}},
	Year ={2019},
	Title = {{Hillview: A Big Data Spreadsheet}}}



@article{david2004order,
  title={Order statistics},
  author={David, Herbert Aron and Nagaraja, Haikady Navada},
  journal={Encyclopedia of Statistical Sciences},
  volume={9},
  year={2004},
  publisher={Wiley Online Library}
}

@article{vitter1985random,
  title={Random sampling with a reservoir},
  author={Vitter, Jeffrey S},
  journal={ACM Transactions on Mathematical Software (TOMS)},
  volume={11},
  number={1},
  pages={37--57},
  year={1985},
  publisher={ACM}
}

@article{rihani2014multiqueues,
  title={Multiqueues: Simpler, faster, and better relaxed concurrent priority queues},
  author={Rihani, Hamza and Sanders, Peter and Dementiev, Roman},
  journal={arXiv preprint arXiv:1411.1209},
  year={2014}
}

@inproceedings{rinberg2019fast,
  title={Fast concurrent data sketches},
  author={Rinberg, Arik and Spiegelman, Alexander and Bortnikov, Edward and Hillel, Eshcar and Keidar, Idit and Rhodes, Lee and Serviansky, Hadar},
  journal={ACM Transactions on Parallel Computing},
  volume={9},
  number={2},
  pages={1--35},
  year={2022},
  publisher={ACM New York, NY}
}

@inproceedings{talmage2014improving,
  title={Improving average performance by relaxing distributed data structures},
  author={Talmage, Edward and Welch, Jennifer L},
  booktitle={International Symposium on Distributed Computing},
  pages={421--438},
  year={2014},
  organization={Springer}
}

@article{10.1016/j.tcs.2010.09.021,
author = {Filipovi, Ivana and OHearn, Peter and Rinetzky, Noam and Yang, Hongseok},
title = {Abstraction for Concurrent Objects},
year = {2010},
issue_date = {December, 2010},
publisher = {Elsevier Science Publishers Ltd.},
address = {GBR},
volume = {411},
number = {51â€“52},
issn = {0304-3975},
url = {https://doi.org/10.1016/j.tcs.2010.09.021},
doi = {10.1016/j.tcs.2010.09.021},
abstract = {Concurrent data structures are usually designed to satisfy correctness conditions such as sequential consistency or linearizability. In this paper, we consider the following fundamental question: What guarantees are provided by these conditions for client programs? We formally show that these conditions can be characterized in terms of observational refinement. Our study also provides a new understanding of sequential consistency and linearizability in terms of abstraction of dependency between computation steps of client programs.},
journal = {Theor. Comput. Sci.},
month = dec,
pages = {4379â€“4398},
numpages = {20},
keywords = {Sequential consistency, Linearizability, Observational refinement, Observational equivalence}
}



@InProceedings{rinberg_et_al:LIPIcs:2020:13080,
  author =	{Arik Rinberg and Idit Keidar},
  title =	{{Intermediate Value Linearizability: A Quantitative Correctness Criterion}},
  booktitle =	{34th International Symposium on Distributed Computing (DISC 2020)},
  pages =	{2:1--2:17},
  series =	{Leibniz International Proceedings in Informatics (LIPIcs)},
  ISBN =	{978-3-95977-168-9},
  ISSN =	{1868-8969},
  year =	{2020},
  volume =	{179},
  editor =	{Hagit Attiya},
  publisher =	{Schloss Dagstuhl--Leibniz-Zentrum f{\"u}r Informatik},
  address =	{Dagstuhl, Germany},
  URL =		{https://drops.dagstuhl.de/opus/volltexte/2020/13080},
  URN =		{urn:nbn:de:0030-drops-130801},
  doi =		{10.4230/LIPIcs.DISC.2020.2},
  annote =	{Keywords: concurrency, concurrent objects, linearizability}
}

@inproceedings{attiya2019putting,
  title={Putting Strong Linearizability in Context: Preserving Hyperproperties in Programs That Use Concurrent Objects},
  author={Attiya, Hagit and Enea, Constantin},
  booktitle={33rd International Symposium on Distributed Computing (DISC 2019)},
  year={2019},
  organization={Schloss Dagstuhl-Leibniz-Zentrum fuer Informatik}
}


@inproceedings{alistarh2018distributionally,
  title={Distributionally Linearizable Data Structures},
  author={Alistarh, Dan and Brown, Trevor and Kopinsky, Justin and Li, Jerry Z and Nadiradze, Giorgi},
  booktitle={Proceedings of the 30th on Symposium on Parallelism in Algorithms and Architectures},
  pages={133--142},
  year={2018},
  organization={ACM}
}



@article{lev2017composing,
  title={Composing ordered sequential consistency},
  author={Lev-Ari, Kfir and Bortnikov, Edward and Keidar, Idit and Shraer, Alexander},
  journal={Information Processing Letters},
  volume={123},
  pages={47--50},
  year={2017},
  publisher={Elsevier}
}

@inproceedings{castaneda2015specifying,
  title={Specifying concurrent problems: beyond linearizability and up to tasks},
  author={Casta{\~n}eda, Armando and Rajsbaum, Sergio and Raynal, Michel},
  booktitle={International Symposium on Distributed Computing},
  pages={420--435},
  year={2015},
  organization={Springer}
}

@article{berenson1995critique,
  title={A critique of ANSI SQL isolation levels},
  author={Berenson, Hal and Bernstein, Phil and Gray, Jim and Melton, Jim and O'Neil, Elizabeth and O'Neil, Patrick},
  journal={ACM SIGMOD Record},
  volume={24},
  number={2},
  pages={1--10},
  year={1995},
  publisher={ACM New York, NY, USA}
}


@inproceedings{hunt2010zookeeper,
  title={ZooKeeper: Wait-free Coordination for Internet-scale Systems.},
  author={Hunt, Patrick and Konar, Mahadev and Junqueira, Flavio Paiva and Reed, Benjamin},
  booktitle={USENIX annual technical conference},
  volume={8},
  number={9},
  year={2010}
}

@article{morris1978counting,
  title={Counting large numbers of events in small registers},
  author={Morris, Robert},
  journal={Communications of the ACM},
  volume={21},
  number={10},
  pages={840--842},
  year={1978},
  publisher={ACM New York, NY, USA}
}



@article{flajolet1985approximate,
  title={Approximate counting: a detailed analysis},
  author={Flajolet, Philippe},
  journal={BIT Numerical Mathematics},
  volume={25},
  number={1},
  pages={113--134},
  year={1985},
  publisher={Springer}
}

@inproceedings{cichon2011approximate,
  title={Approximate counters for flash memory},
  author={Cichon, Jacek and Macyna, Wojciech},
  booktitle={2011 IEEE 17th International Conference on Embedded and Real-Time Computing Systems and Applications},
  volume={1},
  pages={185--189},
  year={2011},
  organization={IEEE}
}

@inproceedings{liu2016one,
  title={One sketch to rule them all: Rethinking network flow monitoring with univmon},
  author={Liu, Zaoxing and Manousis, Antonis and Vorsanger, Gregory and Sekar, Vyas and Braverman, Vladimir},
  booktitle={Proceedings of the 2016 ACM SIGCOMM Conference},
  pages={101--114},
  year={2016}
}

@article{cormode2017data,
  title={Data sketching},
  author={Cormode, Graham},
  journal={Communications of the ACM},
  volume={60},
  number={9},
  pages={48--55},
  year={2017},
  publisher={ACM New York, NY, USA}
}

@article{castaneda2018unifying,
  title={Unifying concurrent objects and distributed tasks: Interval-linearizability},
  author={Casta{\~n}eda, Armando and Rajsbaum, Sergio and Raynal, Michel},
  journal={Journal of the ACM (JACM)},
  volume={65},
  number={6},
  pages={1--42},
  year={2018},
  publisher={ACM New York, NY, USA}
}

@inproceedings{KMV,
  title={Counting distinct elements in a data stream},
  author={Bar-Yossef, Ziv and Jayram, TS and Kumar, Ravi and Sivakumar, D and Trevisan, Luca},
  booktitle={International Workshop on Randomization and Approximation Techniques in Computer Science},
  pages={1--10},
  year={2002},
  organization={Springer}
}


@article{lamport1979make,
  title={How to make a multiprocessor computer that correctly executes multiprocess progranm},
  author={Lamport, Leslie},
  journal={IEEE transactions on computers},
  number={9},
  pages={690--691},
  year={1979},
  publisher={IEEE}
}

@inproceedings{goubault2018brief,
  title={Brief Announcement: On the impossibility of detecting concurrency},
  author={Goubault, {\'E}ric and Ledent, J{\'e}r{\'e}my and Mimram, Samuel},
  booktitle={32nd International Symposium on Distributed Computing (DISC 2018)},
  year={2018},
  organization={Schloss Dagstuhl-Leibniz-Zentrum fuer Informatik}
}

@article{misra1986axioms,
  title={Axioms for memory access in asynchronous hardware systems},
  author={Misra, Jayadev},
  journal={ACM Transactions on Programming Languages and Systems (TOPLAS)},
  volume={8},
  number={1},
  pages={142--153},
  year={1986},
  publisher={ACM New York, NY, USA}
}

@inproceedings{raynal1997serializable,
  title={From serializable to causal transactions for collaborative applications},
  author={Raynal, Michel and Thia-Kime, G{\'e}rard and Ahamad, Mustaque},
  booktitle={EUROMICRO 97. Proceedings of the 23rd EUROMICRO Conference: New Frontiers of Information Technology (Cat. No. 97TB100167)},
  pages={314--321},
  year={1997},
  organization={IEEE}
}

@article{papadimitriou1979serializability,
  title={The serializability of concurrent database updates},
  author={Papadimitriou, Christos H},
  journal={Journal of the ACM (JACM)},
  volume={26},
  number={4},
  pages={631--653},
  year={1979},
  publisher={ACM New York, NY, USA}
}

@article{fischer1985impossibility,
  title={Impossibility of distributed consensus with one faulty process},
  author={Fischer, Michael J and Lynch, Nancy A and Paterson, Michael S},
  journal={Journal of the ACM (JACM)},
  volume={32},
  number={2},
  pages={374--382},
  year={1985},
  publisher={ACM New York, NY, USA}
}

@inproceedings{durand2003loglog,
  title={Loglog counting of large cardinalities},
  author={Durand, Marianne and Flajolet, Philippe},
  booktitle={European Symposium on Algorithms},
  pages={605--617},
  year={2003},
  organization={Springer}
}

@article{cohen2015all,
  title={All-distances sketches, revisited: HIP estimators for massive graphs analysis},
  author={Cohen, Edith},
  journal={IEEE Transactions on Knowledge and Data Engineering},
  volume={27},
  number={9},
  pages={2320--2334},
  year={2015},
  publisher={IEEE}
}

@article{agarwal2013mergeable,
  title={Mergeable summaries},
  author={Agarwal, Pankaj K and Cormode, Graham and Huang, Zengfeng and Phillips, Jeff M and Wei, Zhewei and Yi, Ke},
  journal={ACM Transactions on Database Systems (TODS)},
  volume={38},
  number={4},
  pages={1--28},
  year={2013},
  publisher={ACM New York, NY, USA}
}

@inproceedings{alistarh2015spraylist,
  title={The spraylist: A scalable relaxed priority queue},
  author={Alistarh, Dan and Kopinsky, Justin and Li, Jerry and Shavit, Nir},
  booktitle={Proceedings of the 20th ACM SIGPLAN Symposium on Principles and Practice of Parallel Programming},
  pages={11--20},
  year={2015}
}

@inproceedings{hoepman1993binary,
  title={Binary snapshots},
  author={Hoepman, Jaap-Henk and Tromp, John},
  booktitle={International Workshop on Distributed Algorithms},
  pages={18--25},
  year={1993},
  organization={Springer}
}

@article{israeli1998time,
  title={The time complexity of updating snapshot memories},
  author={Israeli, Amos and Shirazi, Asaf},
  journal={Information Processing Letters},
  volume={65},
  number={1},
  pages={33--40},
  year={1998},
  publisher={Elsevier}
}

@inproceedings{moran1992concurrent,
  title={Concurrent counting},
  author={Moran, Shlomo and Taubenfeld, Gadi and Yadin, Irit},
  booktitle={Proceedings of the eleventh annual ACM symposium on Principles of distributed computing},
  pages={59--70},
  year={1992}
}

@article{herlihy1995scalable,
  title={Scalable concurrent counting},
  author={Herlihy, Maurice and Lim, Beng-Hong and Shavit, Nir},
  journal={ACM Transactions on Computer Systems (TOCS)},
  volume={13},
  number={4},
  pages={343--364},
  year={1995},
  publisher={ACM New York, NY, USA}
}

@inproceedings{dean2012large,
  title={Large scale distributed deep networks},
  author={Dean, Jeffrey and Corrado, Greg and Monga, Rajat and Chen, Kai and Devin, Matthieu and Mao, Mark and Ranzato, Marc'aurelio and Senior, Andrew and Tucker, Paul and Yang, Ke and others},
  booktitle={Advances in neural information processing systems},
  pages={1223--1231},
  year={2012}
}

@inproceedings{neiger1994set,
  title={Set-linearizability},
  author={Neiger, Gil},
  booktitle={Proceedings of the thirteenth annual ACM symposium on Principles of distributed computing},
  pages={396},
  year={1994}
}

@article{anderson1993composite,
  title={Composite registers},
  author={Anderson, James H},
  journal={Distributed Computing},
  volume={6},
  number={3},
  pages={141--154},
  year={1993},
  publisher={Springer}
}

@article{mahapatra1999processor,
  title={The processor-memory bottleneck: problems and solutions},
  author={Mahapatra, Nihar R and Venkatrao, Balakrishna},
  journal={XRDS: Crossroads, The ACM Magazine for Students},
  volume={5},
  number={3es},
  pages={2},
  year={1999},
  publisher={ACM}
}

@inproceedings{attiya2006complexity,
  title={The complexity of updating multi-writer snapshot objects},
  author={Attiya, Hagit and Ellen, Faith and Fatourou, Panagiota},
  booktitle={International Conference on Distributed Computing and Networking},
  pages={319--330},
  year={2006},
  organization={Springer}
}

@inproceedings{ovens2019strongly,
  title={Strongly linearizable implementations of snapshots and other types},
  author={Ovens, Sean and Woelfel, Philipp},
  booktitle={Proceedings of the 2019 ACM Symposium on Principles of Distributed Computing},
  pages={197--206},
  year={2019}
}

@book{muthukrishnan2005data,
  title={Data streams: Algorithms and applications},
  author={Muthukrishnan, Shanmugavelayutham},
  year={2005},
  publisher={Now Publishers Inc}
}

@misc{major2014system,
  title={System and method for data streaming in a computer network},
  author={Major, Robert D and Oran, David R and Narayanan, Ashok and Le Faucheur, Francois L},
  year={2014},
  month=mar # "~25",
  publisher={Google Patents},
  note={US Patent 8,683,013}
}

@inproceedings{babcock2002models,
  title={Models and issues in data stream systems},
  author={Babcock, Brian and Babu, Shivnath and Datar, Mayur and Motwani, Rajeev and Widom, Jennifer},
  booktitle={Proceedings of the twenty-first ACM SIGMOD-SIGACT-SIGART symposium on Principles of database systems},
  pages={1--16},
  year={2002}
}

@inproceedings{datar2002comparing,
  title={Comparing Data Streams Using Hamming Norms},
  author={Datar, Mayur and Indyk, Piotr},
  booktitle={Proceedings 2002 VLDB Conference: 28th International Conference on Very Large Databases (VLDB)},
  pages={335},
  year={2002},
  organization={Elsevier}
}

@inproceedings{flajolet1983probabilistic,
  title={Probabilistic counting},
  author={Flajolet, Philippe and Martin, G Nigel},
  booktitle={24th Annual Symposium on Foundations of Computer Science (sfcs 1983)},
  pages={76--82},
  year={1983},
  organization={IEEE}
}

@inproceedings{gibbons2001estimating,
  title={Estimating simple functions on the union of data streams},
  author={Gibbons, Phillip B and Tirthapura, Srikanta},
  booktitle={Proceedings of the thirteenth annual ACM symposium on Parallel algorithms and architectures},
  pages={281--291},
  year={2001}
}

@inproceedings{sheffi2020scalable,
  title={Scalable top-k retrieval with Sparta},
  author={Sheffi, Gali and Basin, Dmitry and Bortnikov, Edward and Carmel, David and Keidar, Idit},
  booktitle={Proceedings of the 25th ACM SIGPLAN Symposium on Principles and Practice of Parallel Programming},
  pages={62--73},
  year={2020}
}

@inproceedings{metwally2005efficient,
  title={Efficient computation of frequent and top-k elements in data streams},
  author={Metwally, Ahmed and Agrawal, Divyakant and El Abbadi, Amr},
  booktitle={International Conference on Database Theory},
  pages={398--412},
  year={2005},
  organization={Springer}
}

@article{gibbons1999synopsis,
  title={Synopsis data structures for massive data sets},
  author={Gibbons, Phillip B and Matias, Yossi},
  journal={External memory algorithms},
  volume={50},
  pages={39--70},
  year={1999}
}

@inproceedings{stylianopoulos2020delegation,
  title={Delegation sketch: a parallel design with support for fast and accurate concurrent operations},
  author={Stylianopoulos, Charalampos and Walulya, Ivan and Almgren, Magnus and Landsiedel, Olaf and Papatriantafilou, Marina},
  booktitle={Proceedings of the Fifteenth European Conference on Computer Systems},
  pages={1--16},
  year={2020}
}

@article{lamport1986interprocess,
  title={On interprocess communication},
  author={Lamport, Leslie},
  journal={Distributed computing},
  volume={1},
  number={2},
  pages={86--101},
  year={1986},
  publisher={Springer}
}

@incollection{lamport2019mutual,
  title={The mutual exclusion problem: Part I---A theory of interprocess communication},
  author={Lamport, Leslie},
  booktitle={Concurrency: the Works of Leslie Lamport},
  pages={227--245},
  year={2019}
}

@article{cormode2012synopses,
  title={Synopses for massive data: Samples, histograms, wavelets, sketches},
  author={Cormode, Graham and Garofalakis, Minos and Haas, Peter J and Jermaine, Chris},
  journal={Foundations and Trends in Databases},
  volume={4},
  number={1--3},
  pages={1--294},
  year={2012},
  publisher={Now Publishers Inc.}
}

@misc{apache-datasketches,
  author={Yahoo!}, 
  title = {{Apache DataSketches}},
  howpublished = {\url{https://datasketches.apache.org/}},
  year = {2020}
}


@misc{presto,
  author={Presto}, 
  title = {{HyperLogLog in Presto: A significantly faster way to handle cardinality estimation}},
  howpublished = {\url{https://engineering.fb.com/data-infrastructure/hyperloglog/}},
  year = {2020}
}

@inproceedings{gonzalez2012powergraph,
  title={PowerGraph: Distributed Graph-Parallel Computation on Natural Graphs},
  author={Gonzalez, Joseph E and Low, Yucheng and Gu, Haijie and Bickson, Danny and Guestrin, Carlos},
  booktitle={10th USENIX symposium on operating systems design and implementation (OSDI 12)},
  pages={17--30},
  year={2012}
}

@misc{atomic-inc,
  author={Intel}, 
  title = {{x86 Instruction Set Reference}},
  howpublished = {\url{https://c9x.me/x86/html/file_module_x86_id_327.html}},
  year = {2022}
}

@article{aksenov2020scalable,
  title={Scalable belief propagation via relaxed scheduling},
  author={Aksenov, Vitalii and Alistarh, Dan and Korhonen, Janne H},
  journal={Advances in Neural Information Processing Systems},
  volume={33},
  pages={22361--22372},
  year={2020}
}

@article{budiu2019hillview,
  title={Hillview: A trillion-cell spreadsheet for big data},
  author={Budiu, Mihai and Gopalan, Parikshit and Suresh, Lalith and Wieder, Udi and Kruiger, Han and Aguilera, Marcos K},
  journal={Proceedings of the VLDB Endowment},
  volume={12},
  number={11},
  pages={1442--1457},
  year={2019},
  publisher={VLDB Endowment}
}

@misc{druid,
  author={Druid}, 
  title = {{Druid}},
  howpublished = {\url{https://druid.apache.org/blog/2014/02/18/hyperloglog-optimizations-for-real-world-systems.html}},
  year = {2020}
}

@inproceedings{heule2013hyperloglog,
  title={HyperLogLog in practice: algorithmic engineering of a state of the art cardinality estimation algorithm},
  author={Heule, Stefan and Nunkesser, Marc and Hall, Alexander},
  booktitle={Proceedings of the 16th International Conference on Extending Database Technology},
  pages={683--692},
  year={2013}
}

@article{lamport1990concurrent,
  title={Concurrent reading and writing of clocks},
  author={Lamport, Leslie},
  journal={ACM Transactions on Computer Systems (TOCS)},
  volume={8},
  number={4},
  pages={305--310},
  year={1990},
  publisher={ACM New York, NY, USA}
}

@article{rinberg2020intermediate,
  title={Intermediate Value Linearizability: A Quantitative Correctness Criterion},
  author={Rinberg, Arik and Keidar, Idit},
  journal={arXiv preprint arXiv:2006.12889},
  year={2020}
}

@article{arbel2018harnessing,
  title={Harnessing epoch-based reclamation for efficient range queries},
  author={Arbel-Raviv, Maya and Brown, Trevor},
  journal={ACM SIGPLAN Notices},
  volume={53},
  number={1},
  pages={14--27},
  year={2018},
  publisher={ACM New York, NY, USA}
}

@inproceedings{meir2020oak,
  title={Oak: a scalable off-heap allocated key-value map},
  author={Meir, Hagar and Basin, Dmitry and Bortnikov, Edward and Braginsky, Anastasia and Gottesman, Yonatan and Keidar, Idit and Meir, Eran and Sheffi, Gali and Zuriel, Yoav},
  booktitle={Proceedings of the 25th ACM SIGPLAN Symposium on Principles and Practice of Parallel Programming},
  pages={17--31},
  year={2020}
}

@inproceedings{scheurich1987correct,
  title={Correct memory operation of cache-based multiprocessors},
  author={Scheurich, Christoph and Dubois, Michel},
  booktitle={Proceedings of the 14th Annual International Symposium on Computer Architecture},
  pages={234--243},
  year={1987}
}

@article{van1976design,
  title={Design and implementation of an efficient priority queue},
  author={van Emde Boas, Peter and Kaas, Robert and Zijlstra, Erik},
  journal={Mathematical systems theory},
  volume={10},
  number={1},
  pages={99--127},
  year={1976},
  publisher={Springer}
}

@article{ronngren1997comparative,
  title={A comparative study of parallel and sequential priority queue algorithms},
  author={R{\"o}nngren, Robert and Ayani, Rassul},
  journal={ACM Transactions on Modeling and Computer Simulation (TOMACS)},
  volume={7},
  number={2},
  pages={157--209},
  year={1997},
  publisher={ACM New York, NY, USA}
}


@article{CountMin,
  author    = {Graham Cormode and
               S. Muthukrishnan},
  title     = {An improved data stream summary: {T}he {Count-Min} sketch and its applications},
  journal   = {J. Algorithms},
  volume    = {55},
  number    = {1},
  pages     = {58--75},
  year      = {2005}
}

@ARTICLE{9667240,  
author={Reviriego, Pedro and Junsangsri, Pilin and Liu, Shanshan and Lombardi, Fabrizio},  journal={IEEE Transactions on Nanotechnology},   title={Error-Tolerant Data Sketches Using Approximate Nanoscale Memories and Voltage Scaling},   year={2022},  volume={21},  number={},  pages={16-22}}

@ARTICLE{9068483,  
author={Reviriego, Pedro and MartÃ­nez, Jorge and Ottavi, Marco},  journal={IEEE Transactions on Computers},   title={Soft Error Tolerant Count Min Sketches},   year={2021},  volume={70},  number={2},  pages={284-290}
}

@inproceedings{namkung2021telemetry,
  title={Telemetry retrieval inaccuracy in programmable switches: Analysis and recommendations},
  author={Namkung, Hun and Kim, Daehyeok and Liu, Zaoxing and Sekar, Vyas and Steenkiste, Peter},
  booktitle={ACM SIGCOMM Symposium on SDN Research (SOSR)}, 
  year={2021}
}
@inproceedings{LogLog,
  author    = {Marianne Durand and
               Philippe Flajolet},
  title     = {Loglog Counting of Large Cardinalities},
  booktitle = {{European Symposium on Algorithms (ESA)}},
  year      = {2003}
}

@article{Flajolet85,
  author    = {Philippe Flajolet and
               G. Nigel Martin},
  title     = {Probabilistic Counting Algorithms for Data Base Applications},
  journal   = {J. Comput. Syst. Sci.},
  volume    = {31},
  number    = {2},
  pages     = {182--209},
  year      = {1985}
}


@inproceedings{IFIP21,
  author    = {Dor Harris and Arik Rinberg and Ori Rottenstreic},
  title     = {Distributed Sketching with Traffic-Aware Summaries},
  booktitle = {{IFIP} Networking Conference},
  year      = {2021}
}

@inproceedings{yang2018elastic,
  title={Elastic sketch: Adaptive and fast network-wide measurements},
  author={Yang, Tong and Jiang, Jie and Liu, Peng and Huang, Qun and Gong, Junzhi and Zhou, Yang and Miao, Rui and Li, Xiaoming and Uhlig, Steve},
  booktitle={ACM SIGCOMM},
  year={2018}
}
 

@article{cormode2011algorithms,
  title={Algorithms for distributed functional monitoring},
  author={Cormode, Graham and Muthukrishnan, Shanmugavelayutham and Yi, Ke},
  journal={ACM Transactions on Algorithms (TALG)},
  volume={7},
  number={2},
  pages={1--20},
  year={2011},
  publisher={ACM New York, NY, USA}
}

@inproceedings{caidaData,
  title={{The {CAIDA} Anonymized Internet Traces.}},
  note={http://www.caida.org/data/overview}
}

@inproceedings{source,
  title={{Source code.}},
  note={https://github.com/dorh/Distributed-Sketch}
}

@inproceedings{tofino,
  title={{Intel Tofino Series}},
  note={https://www.intel.com/content/www/us/en/products/\\network-io/programmable-ethernet-switch/tofino-series.html}
}

@inproceedings{goyal2012sketch,
  title={{Sketch algorithms for estimating point queries in {NLP}}},
  author={{Amit Goyal, Hal Daum{\'e} III  and Graham Cormode}},
  booktitle={{Joint conference on empirical methods in natural language processing and computational natural language learning}},
  year={2012}
}

@inproceedings{mawilab,
author = {Romain Fontugne,
               Pierre Borgnat,
               Patrice Abry and
               Kensuke Fukuda},
title = {MAWILab: Combining Diverse Anomaly Detectors for Automated Anomaly Labeling and Performance Benchmarking},
booktitle = {ACM CoNEXT},
year = {2010}}


@inproceedings{muthitacharoen2001low,
  title={{A low-bandwidth network file system}},
  author={{Athicha Muthitacharoen,
               Benjie Chen and
               David Mazi{\`{e}}res}},
  booktitle={{ACM symposium on Operating systems principles}},
  year=2001
}

@inproceedings{zeno2020swishmem,
  title={SwiShmem: Distributed shared state abstractions for programmable switches},
  author={Zeno, Lior and Ports, Dan RK and Nelson, Jacob and Silberstein, Mark},
  booktitle={ACM Workshop on Hot Topics in Networks  (HotNets)},
  year={2020}
}

@article{hang2019interleaved,
  title={Interleaved Sketch: Toward Consistent Network Telemetry for Commodity Programmable Switches},
  author={Hang, Zijun and Wen, Mei and Shi, Yang and Zhang, Chunyuan},
  journal={IEEE Access},
  volume={7},
  pages={146745--146758},
  year={2019},
  publisher={IEEE}
}

@inproceedings{zhang2021cocosketch,
  title={CocoSketch: high-performance sketch-based measurement over arbitrary partial key query},
  author={Zhang, Yinda and Liu, Zaoxing and Wang, Ruixin and Yang, Tong and Li, Jizhou and Miao, Ruijie and Liu, Peng and Zhang, Ruwen and Jiang, Junchen},
  booktitle={ACM SIGCOMM},
  year={2021}
}

@inproceedings{ivkin2019qpipe,
  title={{Qpipe: {Q}uantiles sketch fully in the data plane}},
  author={{Nikita Ivkin, Zhuolong Yu, Vladimir Braverman  and Xin Jin }},
  booktitle={{ACM CoNext}},
  year=2019
}

@inproceedings{margaritis2003peer,
  title={{A peer-to-peer architecture for synchronous collaboration over low-bandwidth networks}},
  author={{Meletis Margaritis, Christos Fidas, Nikolaos Avouris  and Vassilis Komis}},
  booktitle={{PCI}},
  year=2003
}



 @inproceedings{Niagara,
 author = {Nanxi Kang and Monia Ghobadi and John Reumann  and Alexander Shraer and Jennifer Rexford},
 title = {Efficient traffic splitting on commodity switches},
 booktitle = {ACM CoNEXT},
 year = {2015}
} 

@inproceedings{Sadeh19,
  author    = {Yaniv Sadeh and
               Ori Rottenstreich and
               Arye Barkan and
               Yossi Kanizo and
               Haim Kaplan},
  title     = {Optimal Representations of a Traffic Distribution in Switch Memories},
  booktitle = {{IEEE} {INFOCOM}},
  year      = {2019}
}

@inproceedings{Rottenstreich21,
  author    = {Ori Rottenstreich},
  title     = {Sketches for Blockchains},
  booktitle = {International Conference on COMmunication Systems {\&} NETworkS {(COMSNETS)} },
  year      = {2021}
}

@article{ziv1977universal,
  title={A universal algorithm for sequential data compression},
  author={Ziv, Jacob and Lempel, Abraham},
  journal={IEEE Transactions on information theory},
  volume={23},
  number={3},
  pages={337--343},
  year={1977}
}

@article{huffman1952method,
  title={A method for the construction of minimum-redundancy codes},
  author={Huffman, David A},
  journal={IEEE Proc. of the IRE},
  volume={40},
  number={9},
  pages={1098--1101},
  year={1952}
}

@article{boneh1997coupon,
  title={The coupon-collector problem revisitedâ€”a survey of engineering problems and computational methods},
  author={Boneh, Arnon and Hofri, Micha},
  journal={Stochastic Models},
  volume={13},
  number={1},
  pages={39--66},
  year={1997},
  publisher={Taylor \& Francis}
}

@article{feller1957introduction,
  title={An introduction to probability theory and its applications},
  author={Feller, William},
  journal={1957}
}

@article{giroire2009order,
  title={Order statistics and estimating cardinalities of massive data sets},
  author={Giroire, Fr{\'e}d{\'e}ric},
  journal={Discrete Applied Mathematics},
  volume={157},
  number={2},
  pages={406--427},
  year={2009},
  publisher={Elsevier}
}

@inproceedings{yu2013software,
  title={Software Defined Traffic Measurement with {OpenSketch}},
  author={Yu, Minlan and Jose, Lavanya and Miao, Rui},
  booktitle={USENIX NSDI},
  year={2013}
}

@article{afek2018detecting,
  title={Detecting heavy flows in the {SDN} match and action model},
  author={Afek, Yehuda and Bremler-Barr, Anat and Feibish, Shir Landau and Schiff, Liron},
  journal={Computer Networks},
  volume={136},
  pages={1--12},
  year={2018},
  publisher={Elsevier}
}

@inproceedings{anderson2017high,
  title={A high-performance algorithm for identifying frequent items in data streams},
  author={Anderson, Daniel and Bevan, Pryce and Lang, Kevin and Liberty, Edo and Rhodes, Lee and Thaler, Justin},
  booktitle={ACM Internet Measurement Conference}, 
  year={2017}
}

@inproceedings{huang2017sketchvisor,
  title={{SketchVisor}: {R}obust network measurement for software packet processing},
  author={Huang, Qun and Jin, Xin and Lee, Patrick PC and Li, Runhui and Tang, Lu and Chen, Yi-Chao and Zhang, Gong},
  booktitle={ACM SIGCOMM},
  year={2017}
}

@inproceedings{li2016flowradar,
  title={{FlowRadar}: {A} better {NetFlow} for data centers},
  author={Li, Yuliang and Miao, Rui and Kim, Changhoon and Yu, Minlan},
  booktitle={USENIX NSDI},
  year={2016}
}

@ARTICLE{FPFZCM,
  author    = {Ori Rottenstreich and
               Pedro Reviriego and
               Ely Porat and
               S. Muthukrishnan},
  title={Avoiding Flow Size Overestimation in the {Count-Min} Sketch with {B}loom Filter Constructions}, 
journal={IEEE Transactions on Network and Service Management (TNSM)}, 
  volume    = {18},
  number    = {3},
  pages     = {3662--3676},
  year      = {2021}
 }
  
@inproceedings{basat2018network,
  title={Network-wide routing-oblivious heavy hitters},
  author={Basat, Ran Ben and Einziger, Gil and Feibish, Shir Landau and Moraney, Jalil and Raz, Danny},
  booktitle={Symposium on Architectures for Networking and Communications Systems},
  year={2018}
}

@inproceedings{NitroSketch,
  author    = {Zaoxing Liu and
               Ran Ben{-}Basat and
               Gil Einziger and
               Yaron Kassner and
               Vladimir Braverman and
               Roy Friedman and
               Vyas Sekar},
  title     = {{NitroSketch}: {R}obust and general sketch-based monitoring in software
               switches},
  booktitle = {{ACM} {SIGCOMM}},
  year      = {2019}
}

@inproceedings{harrison2020carpe,
  title={Carpe Elephants: Seize the Global Heavy Hitters},
  author={Harrison, Rob and Feibish, Shir Landau and Gupta, Arpit and Teixeira, Ross and Muthukrishnan, S and Rexford, Jennifer},
  booktitle={ACM Workshop on Secure Programmable Network Infrastructure}, 
  year={2020}
}
@article{benson2010understanding,
  title={Understanding data center traffic characteristics},
  author={Benson, Theophilus and Anand, Ashok and Akella, Aditya and Zhang, Ming},
  journal={ACM SIGCOMM Computer Communication Review},
  volume={40},
  number={1},
  pages={92--99},
  year={2010}
}

@inproceedings{zhang2010optimizing,
  title={Optimizing Cost and Performance in Online Service Provider Networks},
  author={Zhang, Zheng and Zhang, Ming and Greenberg, Albert G and Hu, Y Charlie and Mahajan, Ratul and Christian, Blaine},
  booktitle={USENIX NSDI},
  year={2010}
}

@inproceedings{zhang2009spatio,
  title={Spatio-temporal compressive sensing and internet traffic matrices},
  author={Zhang, Yin and Roughan, Matthew and Willinger, Walter and Qiu, Lili},
  booktitle={ACM SIGCOMM},
  year={2009}
}

@article{cormode2011sketch,
  title={Sketch techniques for approximate query processing},
  author={Cormode, Graham},
  journal={Foundations and Trends in Databases. NOW publishers},
  year={2011}
}

@inproceedings{sivaraman2017heavy,
  title={Heavy-hitter detection entirely in the data plane},
  author={Sivaraman, Vibhaalakshmi and Narayana, Srinivas and Rottenstreich, Ori and Muthukrishnan, Shan and Rexford, Jennifer},
  booktitle={ACM Symposium on SDN Research (SOSR)},
  year={2017}
}

@article{estan2003new,
  title={New directions in traffic measurement and accounting: Focusing on the elephants, ignoring the mice},
  author={Estan, Cristian and Varghese, George},
  journal={ACM Transactions on Computer Systems (TOCS)},
  volume={21},
  number={3},
  pages={270--313},
  year={2003},
  publisher={ACM New York, NY, USA}
}

@inproceedings{shrivastava2016time,
  title={Time adaptive sketches (ada-sketches) for summarizing data streams},
  author={Shrivastava, Anshumali and Konig, Arnd Christian and Bilenko, Mikhail},
  booktitle={International Conference on Management of Data},
  year={2016}
}

@inproceedings{harrison2018network,
  title={Network-wide heavy hitter detection with commodity switches},
  author={Harrison, Rob and Cai, Qizhe and Gupta, Arpit and Rexford, Jennifer},
  booktitle={ACM Symposium on SDN Research (SOSR)},
  year={2018}
}

@inproceedings{IMCBal03,
  author    = {Balachander Krishnamurthy and
               Subhabrata Sen and
               Yin Zhang and
               Yan Chen},
  title     = {Sketch-based change detection: {M}ethods, evaluation, and applications},
  booktitle = {ACM  Internet Measurement Conference},
  year      = {2003}
}

@techreport{deutsch1996gzip,
  title={{GZIP} file format specification version 4.3},
  author={Deutsch, Peter and others},
  year={1996},
  institution={RFC 1952, May}
}