@inproceedings{spiegelman2021ace,
  title={ACE: Abstract Consensus Encapsulation for Liveness Boosting of State Machine Replication},
  author={Spiegelman, Alexander and Rinberg, Arik and Malkhi, Dahlia},
  booktitle={24th International Conference on Principles of Distributed Systems},
  year={2021}
}

@inproceedings{rinberg2021array,
  title={Array CRDTs using delta-mutations},
  author={Rinberg, Arik and Solomon, Tomer and Khazma, Guy and Lushi, Gal and Shlomo, Roee and Ta-Shma, Paula},
  booktitle={Proceedings of the 8th Workshop on Principles and Practice of Consistency for Distributed Data},
  pages={1--3},
  year={2021}
}

@inproceedings{zeno2022swish,
  title={SwiSh: Distributed Shared State Abstractions for Programmable Switches},
  author={Zeno, Lior and Ports, Dan RK and Nelson, Jacob and Kim, Daehyeok and Landau-Feibish, Shir and Keidar, Idit and Rinberg, Arik and Rashelbach, Alon and De-Paula, Igor and Silberstein, Mark},
  booktitle={19th USENIX Symposium on Networked Systems Design and Implementation (NSDI 22)},
  pages={171--191},
  year={2022}
}

@article{rinberg2022dson,
  title={DSON: JSON CRDT using delta-mutations for document stores},
  author={Rinberg, Arik and Solomon, Tomer and Shlomo, Roee and Khazma, Guy and Lushi, Gal and Keidar, Idit and Ta-Shma, Paula},
  journal={Proceedings of the VLDB Endowment},
  volume={15},
  number={5},
  pages={1053--1065},
  year={2022},
  publisher={VLDB Endowment}
}