@article{rinberg2022fast,
  title={Fast concurrent data sketches},
  author={Rinberg, Arik and Spiegelman, Alexander and Bortnikov, Edward and Hillel, Eshcar and Keidar, Idit and Rhodes, Lee and Serviansky, Hadar},
  journal={ACM Transactions on Parallel Computing},
  volume={9},
  number={2},
  pages={1--35},
  year={2022},
  publisher={ACM New York, NY}
}

@inproceedings{rinberg2020intermediate,
  title={Intermediate Value Linearizability: A Quantitative Correctness Criterion},
  author={Rinberg, Arik and Keidar, Idit},
  booktitle={34th International Symposium on Distributed Computing},
  year={2020}
}

@article{harris2022compressing,
  title={Compressing Distributed Network Sketches with Traffic-Aware Summaries},
  author={Harris, Dor and Rinberg, Arik and Rottenstreich, Ori},
  journal={IEEE Transactions on Network and Service Management},
  year={2022},
  publisher={IEEE}
}