@article{CountMin,
  author    = {Graham Cormode and
               S. Muthukrishnan},
  title     = {An improved data stream summary: {T}he {Count-Min} sketch and its applications},
  journal   = {J. Algorithms},
  volume    = {55},
  number    = {1},
  pages     = {58--75},
  year      = {2005}
}


@inproceedings{heule2013hyperloglog,
  title={HyperLogLog in practice: {A}lgorithmic engineering of a state of the art cardinality estimation algorithm},
  author={Heule, Stefan and Nunkesser, Marc and Hall, Alexander},
  booktitle={International Conference on Extending Database Technology},
  year={2013}
}

@ARTICLE{9667240,  
author={Reviriego, Pedro and Junsangsri, Pilin and Liu, Shanshan and Lombardi, Fabrizio},  journal={IEEE Transactions on Nanotechnology},   title={Error-Tolerant Data Sketches Using Approximate Nanoscale Memories and Voltage Scaling},   year={2022},  volume={21},  number={},  pages={16-22}}

@ARTICLE{9068483,  
author={Reviriego, Pedro and Martínez, Jorge and Ottavi, Marco},  journal={IEEE Transactions on Computers},   title={Soft Error Tolerant Count Min Sketches},   year={2021},  volume={70},  number={2},  pages={284-290}
}

@inproceedings{namkung2021telemetry,
  title={Telemetry retrieval inaccuracy in programmable switches: Analysis and recommendations},
  author={Namkung, Hun and Kim, Daehyeok and Liu, Zaoxing and Sekar, Vyas and Steenkiste, Peter},
  booktitle={ACM SIGCOMM Symposium on SDN Research (SOSR)}, 
  year={2021}
}

@inproceedings{HyperLogLog,
  author    = {Philippe Flajolet and
               Eric Fusy and
               Olivier Gandouet and
               Frédéric Meunier},
  title     = {{HyperLogLog}: the analysis of a near-optimal cardinality estimation algorithm},
  booktitle = {Conference on analysis of algorithm (AofA)},
  year      = {2007}
}

@inproceedings{LogLog,
  author    = {Marianne Durand and
               Philippe Flajolet},
  title     = {Loglog Counting of Large Cardinalities},
  booktitle = {{European Symposium on Algorithms (ESA)}},
  year      = {2003}
}

@article{Flajolet85,
  author    = {Philippe Flajolet and
               G. Nigel Martin},
  title     = {Probabilistic Counting Algorithms for Data Base Applications},
  journal   = {J. Comput. Syst. Sci.},
  volume    = {31},
  number    = {2},
  pages     = {182--209},
  year      = {1985}
}


@inproceedings{IFIP21,
  author    = {Dor Harris and Arik Rinberg and Ori Rottenstreic},
  title     = {Distributed Sketching with Traffic-Aware Summaries},
  booktitle = {{IFIP} Networking Conference},
  year      = {2021}
}

@inproceedings{yang2018elastic,
  title={Elastic sketch: Adaptive and fast network-wide measurements},
  author={Yang, Tong and Jiang, Jie and Liu, Peng and Huang, Qun and Gong, Junzhi and Zhou, Yang and Miao, Rui and Li, Xiaoming and Uhlig, Steve},
  booktitle={ACM SIGCOMM},
  year={2018}
}

@inproceedings{stylianopoulos2020delegation,
  title={Delegation sketch: {A} parallel design with support for fast and accurate concurrent operations},
  author={Stylianopoulos, Charalampos and Walulya, Ivan and Almgren, Magnus and Landsiedel, Olaf and Papatriantafilou, Marina},
  booktitle={European Conference on Computer Systems},
  year={2020}
}
 
@inproceedings{rinberg2020fast,
  title={Fast concurrent data sketches},
  author={Rinberg, Arik and Spiegelman, Alexander and Bortnikov, Edward and Hillel, Eshcar and Keidar, Idit and Rhodes, Lee and Serviansky, Hadar},
  booktitle={ACM SIGPLAN Symposium on Principles and Practice of Parallel Programming},
  year={2020}
}

@article{cormode2011algorithms,
  title={Algorithms for distributed functional monitoring},
  author={Cormode, Graham and Muthukrishnan, Shanmugavelayutham and Yi, Ke},
  journal={ACM Transactions on Algorithms (TALG)},
  volume={7},
  number={2},
  pages={1--20},
  year={2011},
  publisher={ACM New York, NY, USA}
}

@inproceedings{caidaData,
  title={\inblue{The {CAIDA} Anonymized Internet Traces.}},
  note={http://www.caida.org/data/overview}
}

@inproceedings{source,
  title={\inblue{Source code.}},
  note={https://github.com/dorh/Distributed-Sketch}
}

@inproceedings{tofino,
  title={\inblue{Intel Tofino Series}},
  note={https://www.intel.com/content/www/us/en/products/\\network-io/programmable-ethernet-switch/tofino-series.html}
}

@inproceedings{goyal2012sketch,
  title={\inblue{Sketch algorithms for estimating point queries in {NLP}}},
  author={\inblue{Amit Goyal, Hal Daum{\'e} III  and Graham Cormode}},
  booktitle={\inblue{Joint conference on empirical methods in natural language processing and computational natural language learning}},
  year={\inblue{2012}}
}

@inproceedings{mawilab,
author = {\inblue{Romain Fontugne,
               Pierre Borgnat,
               Patrice Abry and
               Kensuke Fukuda}},
title = {\inblue{MAWILab: Combining Diverse Anomaly Detectors for Automated Anomaly Labeling and Performance Benchmarking}},
booktitle = {\inblue{ACM CoNEXT}},
year = {\inblue{2010}}}

@article{cormode2012synopses,  
  title={Synopses for massive data: Samples, histograms, wavelets, sketches},
  author={Cormode, Graham and Garofalakis, Minos and Haas, Peter J and Jermaine, Chris},
  journal={Foundations and Trends in Databases},
  volume={4},
  number={1--3},
  pages={1--294},
  year={2012},
  publisher={Now Publishers Inc.}
}

@inproceedings{muthitacharoen2001low,
  title={\inblue{A low-bandwidth network file system}},
  author={\inblue{Athicha Muthitacharoen,
               Benjie Chen and
               David Mazi{\`{e}}res}},
  booktitle={\inblue{ACM symposium on Operating systems principles}},
  year={\inblue{2001}}
}

@inproceedings{zeno2020swishmem,
  title={SwiShmem: Distributed shared state abstractions for programmable switches},
  author={Zeno, Lior and Ports, Dan RK and Nelson, Jacob and Silberstein, Mark},
  booktitle={ACM Workshop on Hot Topics in Networks  (HotNets)},
  year={2020}
}

@article{hang2019interleaved,
  title={Interleaved Sketch: Toward Consistent Network Telemetry for Commodity Programmable Switches},
  author={Hang, Zijun and Wen, Mei and Shi, Yang and Zhang, Chunyuan},
  journal={IEEE Access},
  volume={7},
  pages={146745--146758},
  year={2019},
  publisher={IEEE}
}

@inproceedings{zhang2021cocosketch,
  title={CocoSketch: high-performance sketch-based measurement over arbitrary partial key query},
  author={Zhang, Yinda and Liu, Zaoxing and Wang, Ruixin and Yang, Tong and Li, Jizhou and Miao, Ruijie and Liu, Peng and Zhang, Ruwen and Jiang, Junchen},
  booktitle={ACM SIGCOMM},
  year={2021}
}

@inproceedings{ivkin2019qpipe,
  title={\inblue{Qpipe: {Q}uantiles sketch fully in the data plane}},
  author={\inblue{Nikita Ivkin, Zhuolong Yu, Vladimir Braverman  and Xin Jin }},
  booktitle={\inblue{ACM CoNext}},
  year={\inblue{2019}}
}

@inproceedings{margaritis2003peer,
  title={\inblue{A peer-to-peer architecture for synchronous collaboration over low-bandwidth networks}},
  author={\inblue{Meletis Margaritis, Christos Fidas, Nikolaos Avouris  and Vassilis Komis}},
  booktitle={\inblue{PCI}},
  year={\inblue{2003}}
}

@inproceedings{datar2002comparing,
  title={Comparing Data Streams Using Hamming Norms},
  author={Mayur  Datar and Piotr Indyk},
  booktitle={International Conf. on Very Large Databases (VLDB)}, 
  year={2002}
}

@inproceedings{flajolet1983probabilistic,
  title={Probabilistic counting},
  author={Philippe Flajolet  and Nigel Martin},
  booktitle={IEEE Annual Symposium on Foundations of Computer Science (SFCS)},
  year={1983}
}

@inproceedings{gibbons2001estimating,
  title={Estimating simple functions on the union of data streams},
  author={Phillip B Gibbons, and Srikanta Tirthapura},
  booktitle={ACM symposium on Parallel algorithms and architectures (SPAA)},
  year={2001}
}

@inproceedings{metwally2005efficient,
  title={Efficient computation of frequent and top-k elements in data streams},
  author={Metwally, Ahmed and Agrawal, Divyakant and El Abbadi, Amr},
  booktitle={International Conference on Database Theory},
  year={2005}
}



 @inproceedings{Niagara,
 author = {Nanxi Kang and Monia Ghobadi and John Reumann  and Alexander Shraer and Jennifer Rexford},
 title = {Efficient traffic splitting on commodity switches},
 booktitle = {ACM CoNEXT},
 year = {2015}
} 

@inproceedings{Sadeh19,
  author    = {Yaniv Sadeh and
               Ori Rottenstreich and
               Arye Barkan and
               Yossi Kanizo and
               Haim Kaplan},
  title     = {Optimal Representations of a Traffic Distribution in Switch Memories},
  booktitle = {{IEEE} {INFOCOM}},
  year      = {2019}
}

@misc{hillview,
  author={Hillview}, 
  title = {{Hillview: A Big Data Spreadsheet}},
  howpublished = {https://research.vmware.com/projects/hillview}
}

@misc{druid,
  author={Druid}, 
  title = {{Druid}},
  howpublished = {https://druid.apache.org/blog/2014/02/18/hyperloglog-optimizations-for-real-world-systems.html}
}

@inproceedings{Rottenstreich21,
  author    = {Ori Rottenstreich},
  title     = {Sketches for Blockchains},
  booktitle = {International Conference on COMmunication Systems {\&} NETworkS {(COMSNETS)} },
  year      = {2021}
}

@misc{presto,
  author={Presto}, 
  title = {{HyperLogLog in Presto: A significantly faster way to handle cardinality estimation}},
  howpublished = {https://engineering.fb.com/data-infrastructure/hyperloglog/}
}

@misc{apache-datasketches,
  author={Yahoo! Research}, 
  title = {{Apache DataSketches (Incubating)}},
  howpublished = {https://incubator.apache.org/clutch/datasketches.html}
}

@article{agarwal2013mergeable,
  title={Mergeable summaries},
  author={Agarwal, Pankaj K and Cormode, Graham and Huang, Zengfeng and Phillips, Jeff M and Wei, Zhewei and Yi, Ke},
  journal={ACM Transactions on Database Systems (TODS)},
  volume={38},
  number={4},
  pages={1--28},
  year={2013}
}

@article{ziv1977universal,
  title={A universal algorithm for sequential data compression},
  author={Ziv, Jacob and Lempel, Abraham},
  journal={IEEE Transactions on information theory},
  volume={23},
  number={3},
  pages={337--343},
  year={1977}
}

@article{huffman1952method,
  title={A method for the construction of minimum-redundancy codes},
  author={Huffman, David A},
  journal={IEEE Proc. of the IRE},
  volume={40},
  number={9},
  pages={1098--1101},
  year={1952}
}

@article{boneh1997coupon,
  title={The coupon-collector problem revisited—a survey of engineering problems and computational methods},
  author={Boneh, Arnon and Hofri, Micha},
  journal={Stochastic Models},
  volume={13},
  number={1},
  pages={39--66},
  year={1997},
  publisher={Taylor \& Francis}
}

@article{feller1957introduction,
  title={An introduction to probability theory and its applications},
  author={Feller, William},
  journal={1957}
}

@article{giroire2009order,
  title={Order statistics and estimating cardinalities of massive data sets},
  author={Giroire, Fr{\'e}d{\'e}ric},
  journal={Discrete Applied Mathematics},
  volume={157},
  number={2},
  pages={406--427},
  year={2009},
  publisher={Elsevier}
}

@inproceedings{bar2002counting,
  title={Counting distinct elements in a data stream},
  author={Bar-Yossef, Ziv and Jayram, TS and Kumar, Ravi and Sivakumar, D and Trevisan, Luca},
  booktitle={International Workshop on Randomization and Approximation Techniques in Computer Science},
  year={2002}
}

@inproceedings{yu2013software,
  title={Software Defined Traffic Measurement with {OpenSketch}},
  author={Yu, Minlan and Jose, Lavanya and Miao, Rui},
  booktitle={USENIX NSDI},
  year={2013}
}

@article{afek2018detecting,
  title={Detecting heavy flows in the {SDN} match and action model},
  author={Afek, Yehuda and Bremler-Barr, Anat and Feibish, Shir Landau and Schiff, Liron},
  journal={Computer Networks},
  volume={136},
  pages={1--12},
  year={2018},
  publisher={Elsevier}
}

@inproceedings{anderson2017high,
  title={A high-performance algorithm for identifying frequent items in data streams},
  author={Anderson, Daniel and Bevan, Pryce and Lang, Kevin and Liberty, Edo and Rhodes, Lee and Thaler, Justin},
  booktitle={ACM Internet Measurement Conference}, 
  year={2017}
}

@inproceedings{huang2017sketchvisor,
  title={{SketchVisor}: {R}obust network measurement for software packet processing},
  author={Huang, Qun and Jin, Xin and Lee, Patrick PC and Li, Runhui and Tang, Lu and Chen, Yi-Chao and Zhang, Gong},
  booktitle={ACM SIGCOMM},
  year={2017}
}

@inproceedings{li2016flowradar,
  title={{FlowRadar}: {A} better {NetFlow} for data centers},
  author={Li, Yuliang and Miao, Rui and Kim, Changhoon and Yu, Minlan},
  booktitle={USENIX NSDI},
  year={2016}
}

@inproceedings{liu2016one,
  title={One sketch to rule them all: {R}ethinking network flow monitoring with {UnivMon}},
  author={Liu, Zaoxing and Manousis, Antonis and Vorsanger, Gregory and Sekar, Vyas and Braverman, Vladimir},
  booktitle={ACM SIGCOMM},
  year={2016}
}

@ARTICLE{FPFZCM,
  author    = {Ori Rottenstreich and
               Pedro Reviriego and
               Ely Porat and
               S. Muthukrishnan},
  title={Avoiding Flow Size Overestimation in the {Count-Min} Sketch with {B}loom Filter Constructions}, 
journal={IEEE Transactions on Network and Service Management (TNSM)}, 
  volume    = {18},
  number    = {3},
  pages     = {3662--3676},
  year      = {2021}
 }
  
@inproceedings{basat2018network,
  title={Network-wide routing-oblivious heavy hitters},
  author={Basat, Ran Ben and Einziger, Gil and Feibish, Shir Landau and Moraney, Jalil and Raz, Danny},
  booktitle={Symposium on Architectures for Networking and Communications Systems},
  year={2018}
}

@inproceedings{NitroSketch,
  author    = {Zaoxing Liu and
               Ran Ben{-}Basat and
               Gil Einziger and
               Yaron Kassner and
               Vladimir Braverman and
               Roy Friedman and
               Vyas Sekar},
  title     = {{NitroSketch}: {R}obust and general sketch-based monitoring in software
               switches},
  booktitle = {{ACM} {SIGCOMM}},
  year      = {2019}
}

@inproceedings{harrison2020carpe,
  title={Carpe Elephants: Seize the Global Heavy Hitters},
  author={Harrison, Rob and Feibish, Shir Landau and Gupta, Arpit and Teixeira, Ross and Muthukrishnan, S and Rexford, Jennifer},
  booktitle={ACM Workshop on Secure Programmable Network Infrastructure}, 
  year={2020}
}
@article{benson2010understanding,
  title={Understanding data center traffic characteristics},
  author={Benson, Theophilus and Anand, Ashok and Akella, Aditya and Zhang, Ming},
  journal={ACM SIGCOMM Computer Communication Review},
  volume={40},
  number={1},
  pages={92--99},
  year={2010}
}

@inproceedings{zhang2010optimizing,
  title={Optimizing Cost and Performance in Online Service Provider Networks},
  author={Zhang, Zheng and Zhang, Ming and Greenberg, Albert G and Hu, Y Charlie and Mahajan, Ratul and Christian, Blaine},
  booktitle={USENIX NSDI},
  year={2010}
}

@inproceedings{zhang2009spatio,
  title={Spatio-temporal compressive sensing and internet traffic matrices},
  author={Zhang, Yin and Roughan, Matthew and Willinger, Walter and Qiu, Lili},
  booktitle={ACM SIGCOMM},
  year={2009}
}

@article{cormode2011sketch,
  title={Sketch techniques for approximate query processing},
  author={Cormode, Graham},
  journal={Foundations and Trends in Databases. NOW publishers},
  year={2011}
}

@inproceedings{sivaraman2017heavy,
  title={Heavy-hitter detection entirely in the data plane},
  author={Sivaraman, Vibhaalakshmi and Narayana, Srinivas and Rottenstreich, Ori and Muthukrishnan, Shan and Rexford, Jennifer},
  booktitle={ACM Symposium on SDN Research (SOSR)},
  year={2017}
}

@article{estan2003new,
  title={New directions in traffic measurement and accounting: Focusing on the elephants, ignoring the mice},
  author={Estan, Cristian and Varghese, George},
  journal={ACM Transactions on Computer Systems (TOCS)},
  volume={21},
  number={3},
  pages={270--313},
  year={2003},
  publisher={ACM New York, NY, USA}
}

@inproceedings{shrivastava2016time,
  title={Time adaptive sketches (ada-sketches) for summarizing data streams},
  author={Shrivastava, Anshumali and Konig, Arnd Christian and Bilenko, Mikhail},
  booktitle={International Conference on Management of Data},
  year={2016}
}

@inproceedings{harrison2018network,
  title={Network-wide heavy hitter detection with commodity switches},
  author={Harrison, Rob and Cai, Qizhe and Gupta, Arpit and Rexford, Jennifer},
  booktitle={ACM Symposium on SDN Research (SOSR)},
  year={2018}
}

@inproceedings{IMCBal03,
  author    = {Balachander Krishnamurthy and
               Subhabrata Sen and
               Yin Zhang and
               Yan Chen},
  title     = {Sketch-based change detection: {M}ethods, evaluation, and applications},
  booktitle = {ACM  Internet Measurement Conference},
  year      = {2003}
}

@techreport{deutsch1996gzip,
  title={{GZIP} file format specification version 4.3},
  author={Deutsch, Peter and others},
  year={1996},
  institution={RFC 1952, May}
}